<?xml version="1.0" encoding="utf-8"?>
<record xmlns="http://www.loc.gov/MARC21/slim" xmlns:xsi="http://www.w3.org/2001/XMLSchema-instance" xsi:schemaLocation="http://www.loc.gov/MARC21/slim http://www.loc.gov/standards/marcxml/schema/MARC21slim.xsd">
	<leader>     nam a22     Mi 4500</leader>
	<controlfield tag="001">b12463516</controlfield>
	<controlfield tag="003">LeBAU</controlfield>
	<controlfield tag="006">m        d        </controlfield>
	<controlfield tag="007">cr cn |||m|||a</controlfield>
	<controlfield tag="008">200626s1932    iq      o     ||0 0 ara d</controlfield>
	<datafield ind1=" " ind2=" " tag="040">
		<subfield code="a">ZYU</subfield>
		<subfield code="b">ara</subfield>
		<subfield code="e">rda</subfield>
		<subfield code="c">ZYU</subfield>
	</datafield>
	<datafield ind1="0" ind2="4" tag="082">
		<subfield code="a">343.0998</subfield>
		<subfield code="2">23</subfield>
	</datafield>
	<datafield ind1="1" ind2=" " tag="110">
		<subfield code="6">880-01</subfield>
		<subfield code="a">Iraq.</subfield>
		<subfield code="b">Wizārat al-Dākhilīyah.</subfield>
		<subfield code="e">issuing body.</subfield>
		<subfield code="0">https://lccn.loc.gov/n85080940 ,</subfield>
	</datafield>
	<datafield ind1="1" ind2="0" tag="240">
		<subfield code="6">880-02</subfield>
		<subfield code="a">Laws, etc.</subfield>
	</datafield>
	<datafield ind1="1" ind2="0" tag="245">
		<subfield code="6">880-03</subfield>
		<subfield code="a">Majmūʻat Qānūn al-maṭbūʻāt raqm (82) li-sanat 1931 ;</subfield>
		<subfield code="b">Qānūn taʻdīl qānūn al-maṭbūʻāt raqm 82 li-sanat 1931 raqm (56) li-sanat 1932, Qānūn al-maṭbūʻāt raqm 82 li-sanat 1931 al-muʻaddal bi-qānūn raqm 56 li-sanat 1932 /</subfield>
		<subfield code="c">al-ʻIrāq, Wizārat al-Dākhilīyah.</subfield>
	</datafield>
	<datafield ind1=" " ind2="1" tag="264">
		<subfield code="6">880-04</subfield>
		<subfield code="a">Baghdād :</subfield>
		<subfield code="b">Maṭbaʻat al-Ḥukūmah,</subfield>
		<subfield code="c">1932.</subfield>
	</datafield>
	<datafield ind1=" " ind2=" " tag="300">
		<subfield code="6">880-05</subfield>
		<subfield code="a">online resource (17, 10, 22 pages)</subfield>
	</datafield>
	<datafield ind1=" " ind2=" " tag="336">
		<subfield code="a">text</subfield>
		<subfield code="2">rdacontent</subfield>
	</datafield>
	<datafield ind1=" " ind2=" " tag="337">
		<subfield code="a">computer</subfield>
		<subfield code="2">rdamedia</subfield>
	</datafield>
	<datafield ind1=" " ind2=" " tag="338">
		<subfield code="a">online resource</subfield>
		<subfield code="2">rdacarrier</subfield>
	</datafield>
	<datafield ind1=" " ind2=" " tag="500">
		<subfield code="a">Part of the Arabic Collections Online (ACO) project, contributed by American University of Beirut's Jafet Memorial Library.</subfield>
	</datafield>
	<datafield ind1=" " ind2=" " tag="533">
		<subfield code="a">Electronic reproduction.</subfield>
		<subfield code="b">New York, N.Y. :</subfield>
		<subfield code="c">New York University,</subfield>
		<subfield code="d">2020.</subfield>
		<subfield code="5">NNU</subfield>
	</datafield>
	<datafield ind1=" " ind2="4" tag="650">
		<subfield code="a">قانون المطبوعات</subfield>
		<subfield code="z">العراق.</subfield>
	</datafield>
	<datafield ind1=" " ind2="0" tag="650">
		<subfield code="a">Press law</subfield>
		<subfield code="z">Iraq.</subfield>
	</datafield>
	<datafield ind1="1" ind2="2" tag="710">
		<subfield code="6">880-06</subfield>
		<subfield code="a">Iraq.</subfield>
		<subfield code="b">Wizārat al-Dākhilīyah.</subfield>
		<subfield code="t">Qānūn al-maṭbūʻāt raqm (82) li-sanat 1931.</subfield>
	</datafield>
	<datafield ind1="1" ind2="2" tag="710">
		<subfield code="6">880-07</subfield>
		<subfield code="a">Iraq.</subfield>
		<subfield code="b">Wizārat al-Dākhilīyah.</subfield>
		<subfield code="t">Qānūn taʻdīl qānūn al-maṭbūʻāt raqm 82 li-sanat 1931 raqm (56) li-sanat 1932.</subfield>
	</datafield>
	<datafield ind1="1" ind2="2" tag="710">
		<subfield code="6">880-08</subfield>
		<subfield code="a">Iraq.</subfield>
		<subfield code="b">Wizārat al-Dākhilīyah.</subfield>
		<subfield code="t">Qānūn al-maṭbūʻāt raqm 82 li-sanat 1931 al-muʻaddal bi-qānūn raqm 56 li-sanat 1932.</subfield>
	</datafield>
	<datafield ind1="2" ind2=" " tag="710">
		<subfield code="a">Jafet Memorial Library.</subfield>
	</datafield>
	<datafield ind1="0" ind2=" " tag="730">
		<subfield code="a">Arabic Collections Online.</subfield>
	</datafield>
	<datafield ind1="0" ind2="8" tag="776">
		<subfield code="i">Print version:</subfield>
		<subfield code="a">Iraq. Wizārat al-Dākhilīyah. issuing body. https://lccn.loc.gov/n85080940 ,</subfield>
		<subfield code="t">Majmūʻat Qānūn al-maṭbūʻāt raqm (82) li-sanat 1931 ;</subfield>
		<subfield code="w">(LeBAU)b12463516</subfield>
	</datafield>
	<datafield ind1="0" ind2="8" tag="787">
		<subfield code="6">880-09</subfield>
		<subfield code="i">is replacement of (work)</subfield>
		<subfield code="4">http://rdaregistry.info/Elements/w/P10207 :</subfield>
		<subfield code="a">Iraq. Wizārat al-Dākhilīyah.</subfield>
		<subfield code="t">Qānūn al-maṭbūʻāt raqm (82) li-sanat 1931.</subfield>
		<subfield code="d">Baghdād : Maṭbaʻat al-Ḥukūmah, 1931</subfield>
		<subfield code="w">(OCoLC)784328019</subfield>
		<subfield code="w">(OCoLC)784328019</subfield>
	</datafield>
	<datafield ind1="4" ind2="0" tag="856">
		<subfield code="u">http://hdl.handle.net/2333.1/866t1rt4</subfield>
	</datafield>
	<datafield ind1="1" ind2=" " tag="880">
		<subfield code="6">110-01</subfield>
		<subfield code="a">العراق.</subfield>
		<subfield code="b">وزارة الداخلية،</subfield>
		<subfield code="0">https://lccn.loc.gov/n85080940 ,</subfield>
		<subfield code="e">هيئة إصدار.</subfield>
		<subfield code="4">isb.</subfield>
	</datafield>
	<datafield ind1="1" ind2="0" tag="880">
		<subfield code="6">240-02</subfield>
		<subfield code="a">قوانين، الخ.</subfield>
	</datafield>
	<datafield ind1="1" ind2="0" tag="880">
		<subfield code="6">245-03</subfield>
		<subfield code="a">مجموعة  قانون المطبوعات رقم (82) لسنة 1931؛</subfield>
		<subfield code="b">قانون تعديل قانون المطبوعات رقم 82 لسنة 1931 رقم (56) لسنة 1932؛  قانون المطبوعات رقم 82 لسنة1931 المعدل بقانون رقم 56 لسنة 1932 /</subfield>
		<subfield code="c">العراق، وزارة الداخلية.</subfield>
	</datafield>
	<datafield ind1=" " ind2="1" tag="880">
		<subfield code="6">264-04</subfield>
		<subfield code="a">بغداد :</subfield>
		<subfield code="b">مطبعة الحكومة،</subfield>
		<subfield code="c">1932.</subfield>
	</datafield>
	<datafield ind1=" " ind2=" " tag="880">
		<subfield code="6">300-05</subfield>
		<subfield code="a">17، 10، 22 صفحة ؛</subfield>
		<subfield code="c">19 سم</subfield>
	</datafield>
	<datafield ind1="1" ind2="2" tag="880">
		<subfield code="6">710-06</subfield>
		<subfield code="a">العراق.</subfield>
		<subfield code="b">وزارة الداخلية.</subfield>
		<subfield code="t">قانون المطبوعات رقم (82) لسنة 1931.</subfield>
	</datafield>
	<datafield ind1="1" ind2="2" tag="880">
		<subfield code="6">710-07</subfield>
		<subfield code="a">العراق.</subfield>
		<subfield code="b">وزارة الداخلية.</subfield>
		<subfield code="t">قانون تعديل قانون المطبوعات رقم 82 لسنة 1931 رقم (56) لسنة 1932.</subfield>
	</datafield>
	<datafield ind1="1" ind2="2" tag="880">
		<subfield code="6">710-08</subfield>
		<subfield code="a">العراق.</subfield>
		<subfield code="b">وزارة الداخلية.</subfield>
		<subfield code="t">قانون المطبوعات رقم 82 لسنة1931 المعدل بقانون رقم 56 لسنة 1932.</subfield>
	</datafield>
	<datafield ind1="0" ind2="8" tag="880">
		<subfield code="6">787-09</subfield>
		<subfield code="i">استبدال ل (عمل)</subfield>
		<subfield code="4">http://rdaregistry.info/Elements/w/P10207 :</subfield>
		<subfield code="a">العراق. وزارة الداخلية.</subfield>
		<subfield code="t">قانون المطبوعات رقم (82) لسنة 1931.</subfield>
		<subfield code="d">بغداد : مطبعة الحكومة، 1931</subfield>
		<subfield code="w">(LEAUB)b12463486</subfield>
		<subfield code="w">(OCoLC)784328019</subfield>
	</datafield>
	<datafield ind1=" " ind2=" " tag="959">
		<subfield code="a">NNU</subfield>
		<subfield code="b">WEB</subfield>
		<subfield code="c">GENI</subfield>
		<subfield code="t">0</subfield>
		<subfield code="m">Electronic access</subfield>
		<subfield code="s">01</subfield>
	</datafield>
	<datafield ind1=" " ind2=" " tag="999">
		<subfield code="i">LeBAU_b12463516</subfield>
		<subfield code="s">aub_aco003949:</subfield>
		<subfield code="e">(ERROR-MISC)</subfield>
		<subfield code="s">aub_aco003949:</subfield>
	</datafield>
</record>
